<record><leader>00000cas a2200000 a 4500</leader><controlfield tag="001">28427169</controlfield><controlfield tag="008">930710d18851888iludn ne      0   a0eng c</controlfield><datafield ind1=" " ind2=" " tag="010"><subfield code="a">sn 93057097 </subfield></datafield><datafield ind1=" " ind2=" " tag="040"><subfield code="a">NVF</subfield><subfield code="b">eng</subfield><subfield code="c">NVF</subfield><subfield code="d">OCLCQ</subfield><subfield code="d">NVF</subfield><subfield code="d">OCLCO</subfield><subfield code="d">OCLCF</subfield></datafield><datafield ind1=" " ind2=" " tag="042"><subfield code="a">pcc</subfield></datafield><datafield ind1=" " ind2=" " tag="043"><subfield code="a">n-us-il</subfield></datafield><datafield ind1="0" ind2="4" tag="245"><subfield code="a">The Alton morning sentinel.</subfield></datafield><datafield ind1=" " ind2=" " tag="260"><subfield code="a">Alton, Ill. :</subfield><subfield code="b">J.J. McInerney,</subfield><subfield code="c">1885-1888.</subfield></datafield><datafield ind1=" " ind2=" " tag="300"><subfield code="a">v.</subfield></datafield><datafield ind1=" " ind2=" " tag="310"><subfield code="a">Daily (except Monday)</subfield></datafield><datafield ind1="1" ind2=" " tag="362"><subfield code="a">Began in 1885?</subfield></datafield><datafield ind1="0" ind2=" " tag="362"><subfield code="a">-v. 3, no. 311 (July 1, 1888).</subfield></datafield><datafield ind1=" " ind2=" " tag="580"><subfield code="a">Merged with: Alton daily Democrat (Alton, Ill. : 1876), to form: Alton sentinel-Democrat (Alton, Ill. : Daily).</subfield></datafield><datafield ind1=" " ind2=" " tag="588"><subfield code="a">Description based on: Vol. 1, no. 266 (May 4, 1886).</subfield></datafield><datafield ind1=" " ind2="0" tag="651"><subfield code="a">Alton (Ill.)</subfield><subfield code="v">Newspapers.</subfield></datafield><datafield ind1=" " ind2="7" tag="655"><subfield code="a">Newspapers.</subfield><subfield code="2">fast</subfield><subfield code="0">(OCoLC)fst01423814</subfield></datafield><datafield ind1=" " ind2="7" tag="651"><subfield code="a">Illinois</subfield><subfield code="z">Alton.</subfield><subfield code="2">fast</subfield><subfield code="0">(OCoLC)fst01221436</subfield></datafield><datafield ind1=" " ind2=" " tag="752"><subfield code="a">United States</subfield><subfield code="b">Illinois</subfield><subfield code="c">Madison</subfield><subfield code="d">Alton.</subfield></datafield><datafield ind1="0" ind2=" " tag="775"><subfield code="t">Madison County sentinel</subfield><subfield code="w">(DLC)sn 91054137</subfield></datafield><datafield ind1="1" ind2="7" tag="785"><subfield code="t">Alton daily Democrat (Alton, Ill. : 1876)</subfield><subfield code="w">(DLC)sn 87082225</subfield><subfield code="w">(OCoLC)15208505</subfield></datafield><datafield ind1="1" ind2="7" tag="785"><subfield code="t">Alton sentinel-Democrat (Alton, Ill. : Daily)</subfield><subfield code="w">(DLC)sn 91054140</subfield><subfield code="w">(OCoLC)24357454</subfield></datafield></record>